@techreport{collberg1997taxonomy,
  title={A taxonomy of obfuscating transformations},
  author={Collberg, Christian and Thomborson, Clark and Low, Douglas},
  year={1997},
  institution={Department of Computer Science, The University of Auckland, New Zealand}
}

@inproceedings{tiella2017automatic,
  title={Automatic generation of opaque constants based on the k-clique problem for resilient data obfuscation},
  author={Tiella, Roberto and Ceccato, Mariano},
  booktitle={Software Analysis, Evolution and Reengineering (SANER), 2017 IEEE 24th International Conference on},
  pages={182--192},
  year={2017},
  organization={IEEE}
}

@article{falcarin2011guest,
  title={Guest editors' introduction: Software protection},
  author={Falcarin, Paolo and Collberg, Christian and Atallah, Mikhail and Jakubowski, Mariusz},
  journal={IEEE Software},
  volume={28},
  number={2},
  pages={24--27},
  year={2011},
  publisher={IEEE}
}

@misc{reverse_engineering_overview,
	author = {Teodoro Cipresso},
    title = "{Software Reverse Engineering Education}",
    school = {San Jose State University},
    year = 2009
}

@inproceedings{udupa2005deobfuscation,
  title={Deobfuscation: Reverse engineering obfuscated code},
  author={Udupa, Sharath K and Debray, Saumya K and Madou, Matias},
  booktitle={Reverse Engineering, 12th Working Conference on},
  pages={10--pp},
  year={2005},
  organization={IEEE}
}

@inproceedings{ball1999concept,
  title={The concept of dynamic analysis},
  author={Ball, Thoms},
  booktitle={ACM SIGSOFT Software Engineering Notes},
  volume={24},
  number={6},
  pages={216--234},
  year={1999},
  organization={Springer-Verlag}
}

@electronic {ida,
	title = "{IDA: About}",
    url = {https://www.hex-rays.com/products/ida/},
    urldate = {04.28.2016}
}

@electronic {gdb,
	title = "{GDB: The GNU Project Debugger}",
    url = {https://www.gnu.org/software/gdb/},
    urldate = {04.28.2016}
}

@electronic {olly,
	title = "{OllyDbg 2.01}",
    url = {http://www.ollydbg.de/version2.html},
    urldate = {04.28.2016}
}

@electronic {valgrind,
	title = "{Valgrind}",
    url = {http://valgrind.org/},
    urldate = {04.28.2016}
}

@electronic {angr,
	title = "{angr}",
    url = {http://angr.io/},
    urldate = {04.28.2016}
}

@inproceedings{zhang2016attack,
  title={Attack simulation based software protection assessment method},
  author={Zhang, Gaofeng and Falcarin, Paolo and G{\'o}mez-Mart{\'\i}nez, Elena and Islam, Shareeful and Tartary, Christophe and De Sutter, Bjorn and d'Annoville, Jerome},
  booktitle={Cyber Security And Protection Of Digital Services (Cyber Security), 2016 International Conference On},
  pages={1--8},
  year={2016},
  organization={Ieee}
}

@inproceedings{banescu2015framework,
  title={A framework for measuring software obfuscation resilience against automated attacks},
  author={Banescu, Sebastian and Ochoa, Mart{\'\i}n and Pretschner, Alexander},
  booktitle={Software Protection (SPRO), 2015 IEEE/ACM 1st International Workshop on},
  pages={45--51},
  year={2015},
  organization={IEEE}
}

@inproceedings{ceccato2014need,
  title={On the Need for More Human Studies to Assess Software Protection},
  author={Ceccato, Mariano},
  booktitle={Workshop on Continuously Upgradeable Software Security and Protection},
  pages={55--56},
  year={2014}
}

@article{kleinjung2012heterogeneous,
  title={A heterogeneous computing environment to solve the 768-bit RSA challenge},
  author={Kleinjung, Thorsten and Bos, Joppe W and Lenstra, Arjen K and Osvik, Dag Arne and Aoki, Kazumaro and Contini, Scott and Franke, Jens and Thom{\'e}, Emmanuel and Jermini, Pascal and Thi{\'e}mard, Michela and others},
  journal={Cluster Computing},
  volume={15},
  number={1},
  pages={53--68},
  year={2012},
  publisher={Springer}
}

@inproceedings{ceccato2009effectiveness,
  title={The effectiveness of source code obfuscation: An experimental assessment},
  author={Ceccato, Mariano and Di Penta, Massimiliano and Nagra, Jasvir and Falcarin, Paolo and Ricca, Filippo and Torchiano, Marco and Tonella, Paolo},
  booktitle={Program Comprehension, 2009. ICPC'09. IEEE 17th International Conference on},
  pages={178--187},
  year={2009},
  organization={IEEE}
}

@article{sutherland2006empirical,
  title={An empirical examination of the reverse engineering process for binary files},
  author={Sutherland, Iain and Kalb, George E and Blyth, Andrew and Mulley, Gaius},
  journal={Computers \& Security},
  volume={25},
  number={3},
  pages={221--228},
  year={2006},
  publisher={Elsevier}
}


@article{ceccato2014family,
  title={A family of experiments to assess the effectiveness and efficiency of source code obfuscation techniques},
  author={Ceccato, Mariano and Di Penta, Massimiliano and Falcarin, Paolo and Ricca, Filippo and Torchiano, Marco and Tonella, Paolo},
  journal={Empirical Software Engineering},
  volume={19},
  number={4},
  pages={1040--1074},
  year={2014},
  publisher={Springer}
}

@inproceedings{viticchie2016assessment,
  title={Assessment of source code obfuscation techniques},
  author={Viticchi{\'e}, Alessio and Regano, Leonardo and Torchiano, Marco and Basile, Cataldo and Ceccato, Mariano and Tonella, Paolo and Tiella, Roberto},
  booktitle={Source Code Analysis and Manipulation (SCAM), 2016 IEEE 16th International Working Conference on},
  pages={11--20},
  year={2016},
  organization={IEEE}
}

@inproceedings{ceccato2017professional,
  title={How professional hackers understand protected code while performing attack tasks},
  author={Ceccato, Mariano and Tonella, Paolo and Basile, Cataldo and Coppens, Bart and De Sutter, Bjorn and Falcarin, Paolo and Torchiano, Marco},
  booktitle={Proceedings of the 25th International Conference on Program Comprehension},
  pages={154--164},
  year={2017},
  organization={IEEE Press}
}

@inproceedings{taylor2016tool,
  title={A Tool for Teaching Reverse Engineering.},
  author={Taylor, Clark and Colberg, Christian},
  booktitle={ASE@ USENIX Security Symposium},
  year={2016}
}

@inproceedings{burket2015automatic,
  title={Automatic Problem Generation for Capture-the-Flag Competitions},
  author={Burket, Jonathan and Chapman, Peter and Becker, Tim and Ganas, Christopher and Brumley, David},
  booktitle={2015 USENIX Summit on Gaming, Games, and Gamification in Security Education (3GSE 15)},
  year={2015},
  organization={USENIX Association}
}

@article{schreuders2015generating,
  title={Generating randomised virtualised scenarios for ethical hacking and computer security education: SecGen implementation and deployment},
  author={Schreuders, Z Cliffe and Ardern, Lewis},
  year={2015}
}

@inproceedings{yang2011finding,
  title={Finding and understanding bugs in C compilers},
  author={Yang, Xuejun and Chen, Yang and Eide, Eric and Regehr, John},
  booktitle={ACM SIGPLAN Notices},
  volume={46},
  number={6},
  pages={283--294},
  year={2011},
  organization={ACM}
}

@electronic {tigress,
	author = {Christian Collberg},
    title = "{The Tigress C Diversifier/Obfuscator}",
    url = {http://tigress.cs.arizona.edu/index.html},
    urldate = {04.28.2016}
}

@electronic {firejail,
    title = "{Firejail Security Sandbox}",
    url = {https://firejail.wordpress.com/},
    urldate = {10.13.2017}
}

@inproceedings {llvm,
    author={Pascal Junod and Julien Rinaldini and Johan Wehrli and Julie Michielin},
    booktitle={Proceedings of the {IEEE/ACM} 1st International Workshop on Software Protection, {SPRO'15}, Firenze, Italy, May 19th, 2015},
    editor = {Brecht Wyseur},
    title="{Obfuscator-{LLVM} -- Software Protection for the Masses}",
    year={2015},
    pages={3--9},
    doi={10.1109/SPRO.2015.10}
}

@inbook{jsobfuscator,
    author={Bertholon, Beno{\^i}t and Varrette, S{\'e}bastien and Bouvry, Pascal},
    editor={Lopez, Javier and Huang, Xinyi and Sandhu, Ravi},
    title="{JShadObf: A JavaScript Obfuscator Based on Multi-Objective Optimization Algorithms}",
    bookTitle={Network and System Security: 7th International Conference, NSS 2013, Madrid, Spain, June 3-4, 2013. Proceedings},
    year={2013},
    publisher={Springer Berlin Heidelberg},
    pages={336--349},
    isbn={978-3-642-38631-2},
    doi={10.1007/978-3-642-38631-2_25}
}

@article {morph_virus,
    author  = {Jean-Marie Borello and Ludovic MÃ©}, 
    title   = "{Code obfuscation techniques for metamorphic viruses}",
    journal = {Springer Journal in Computer Virology},
    year    = 2008,
    number  = 3,
    pages   = {211-220},
    month   = 8,
    volume  = 3
}

@inproceedings{banescu2016code,
  title={Code obfuscation against symbolic execution attacks},
  author={Banescu, Sebastian and Collberg, Christian and Ganesh, Vijay and Newsham, Zack and Pretschner, Alexander},
  booktitle={Proceedings of the 32nd Annual Conference on Computer Security Applications},
  pages={189--200},
  year={2016},
  organization={ACM}
}

@inproceedings{schreuders2017security,
  title={Security Scenario Generator (SecGen): A Framework for Generating Randomly Vulnerable Rich-scenario VMs for Learning Computer Security and Hosting CTF Events},
  author={Schreuders, Z Cliffe and Shaw, Thomas and Ravichandran, G and Keighley, J and Ordean, M and others},
  booktitle={USENIX},
  year={2017},
  organization={USENIX Association}
}

@phdthesis{banescu2017characterizing,
  title={Characterizing the Strength of Software Obfuscation Against Automated Attacks},
  author={Banescu, Sebastian-Emilian},
  year={2017},
  school={Technische Universit{\"a}t M{\"u}nchen}
}

@article{pitts1997operationally,
  title={Operationally-based theories of program equivalence},
  author={Pitts, Andrew M},
  journal={Semantics and Logics of Computation},
  volume={14},
  pages={241},
  year={1997}
}

@inproceedings{kundu2009proving,
  title={Proving optimizations correct using parameterized program equivalence},
  author={Kundu, Sudipta and Tatlock, Zachary and Lerner, Sorin},
  booktitle={ACM Sigplan Notices},
  volume={44},
  number={6},
  pages={327--337},
  year={2009},
  organization={ACM}
}

@inproceedings{raber2007deobfuscator,
  title={Deobfuscator: An automated approach to the identification and removal of code obfuscation},
  author={Raber, Jason and Laspe, Eric},
  booktitle={Reverse Engineering, 2007. WCRE 2007. 14th Working Conference on},
  pages={275--276},
  year={2007},
  organization={IEEE}
}

@article{garcia2015obfuscation,
  title={Obfuscation-resilient, efficient, and accurate detection and family identification of android malware},
  author={Garcia, Joshua and Hammad, Mahmoud and Pedrood, Bahman and Bagheri-Khaligh, Ali and Malek, Sam},
  journal={Department of Computer Science, George Mason University, Tech. Rep},
  year={2015}
}

@article{jacob2003eye,
  title={Eye tracking in human-computer interaction and usability research: Ready to deliver the promises},
  author={Jacob, RJ and Karn, Keith S},
  journal={Mind},
  volume={2},
  number={3},
  pages={4},
  year={2003}
}

@inproceedings{ramsbrock2007profiling,
  title={Profiling attacker behavior following SSH compromises},
  author={Ramsbrock, Daniel and Berthier, Robin and Cukier, Michel},
  booktitle={37th Annual IEEE/IFIP international conference on dependable systems and networks (DSN'07)},
  pages={119--124},
  year={2007},
  organization={IEEE}
}

@article{carasso2012exploring,
  title={Exploring splunk},
  author={Carasso, David},
  journal={published by CITO Research, New York, USA, ISBN},
  pages={978--0},
  year={2012}
}

@inproceedings{roesch1999snort,
  title={Snort: Lightweight intrusion detection for networks.},
  author={Roesch, Martin and others},
  booktitle={Lisa},
  volume={99},
  number={1},
  pages={229--238},
  year={1999}
}

@article{bartholomew2012mariadb,
  title={MariaDB vs. MySQL},
  author={Bartholomew, Daniel},
  journal={Dostopano},
  volume={7},
  number={10},
  pages={2014},
  year={2012}
}

@book{vukotic2011apache,
  title={Apache Tomcat 7},
  author={Vukotic, Aleksa and Goodwill, James},
  year={2011},
  publisher={Springer}
}

@article{curtin1998write,
  title={Write once, run anywhere: Why it matters},
  author={Curtin, Matt},
  journal={Technical Article. http://java. sun. com/features/1998/01/wo},
  year={1998}
}

@phdthesis{barker2011jnativehook,
  title={JNativeHook: Global Keyboard and Mouse Hooking for Java},
  author={Barker, Alexander},
  year={2011}
}

@book{muniz2013web,
  title={Web Penetration Testing with Kali Linux},
  author={Muniz, Joseph},
  year={2013},
  publisher={Packt Publishing Ltd}
}

@inproceedings{sen2007concolic,
  title={Concolic testing},
  author={Sen, Koushik},
  booktitle={Proceedings of the twenty-second IEEE/ACM international conference on Automated software engineering},
  pages={571--572},
  year={2007},
  organization={ACM}
}

@inproceedings{plaisant2004challenge,
  title={The challenge of information visualization evaluation},
  author={Plaisant, Catherine},
  booktitle={Proceedings of the working conference on Advanced visual interfaces},
  pages={109--116},
  year={2004},
  organization={ACM}
}

@article{kent2006guide,
  title={Guide to integrating forensic techniques into incident response},
  author={Kent, Karen and Chevalier, Suzanne and Grance, Tim and Dang, Hung},
  journal={NIST Special Publication},
  volume={10},
  pages={800--86},
  year={2006}
}

@article{binde2011assessing,
  title={Assessing outbound traffic to uncover advanced persistent threat},
  author={Binde, Beth and McRee, Russ and OâConnor, Terrence J},
  journal={SANS Institute. Whitepaper},
  year={2011}
}

@article{mikovec2009web,
  title={Web toolkits accessibility study},
  author={Mikovec, Zdenek and Vystrcil, Jan and Slavik, Pavel},
  journal={ACM SIGACCESS Accessibility and Computing},
  number={94},
  pages={3--8},
  year={2009},
  publisher={ACM}
}

@article{redmon2016yolo9000,
  title={YOLO9000: better, faster, stronger},
  author={Redmon, Joseph and Farhadi, Ali},
  journal={arXiv preprint arXiv:1612.08242},
  year={2016}
}

@inproceedings{lattner2004llvm,
  title={LLVM: A compilation framework for lifelong program analysis \& transformation},
  author={Lattner, Chris and Adve, Vikram},
  booktitle={Proceedings of the international symposium on Code generation and optimization: feedback-directed and runtime optimization},
  pages={75},
  year={2004},
  organization={IEEE Computer Society}
}

@inproceedings{taylor2017ctf,
  title={CTF: State-of-the-Art and Building the Next Generation},
  author={Taylor, Clark and Arias, Pablo and Klopchic, Jim and Matarazzo, Celeste and Dube, Evi},
  booktitle={2017 $\{$USENIX$\}$ Workshop on Advances in Security Education ($\{$ASE$\}$ 17)},
  year={2017},
  organization={USENIX Association}
}

@inproceedings{bas2011break,
  title={â Break our steganographic systemâ: the ins and outs of organizing BOSS},
  author={Bas, Patrick and Filler, Tom{\'a}{\v{s}} and Pevn{\`y}, Tom{\'a}{\v{s}}},
  booktitle={International workshop on information hiding},
  pages={59--70},
  year={2011},
  organization={Springer}
}

@inproceedings{hajivc2009conll,
  title={The CoNLL-2009 shared task: Syntactic and semantic dependencies in multiple languages},
  author={Haji{\v{c}}, Jan and Ciaramita, Massimiliano and Johansson, Richard and Kawahara, Daisuke and Mart{\'\i}, Maria Ant{\`o}nia and M{\`a}rquez, Llu{\'\i}s and Meyers, Adam and Nivre, Joakim and Pad{\'o}, Sebastian and {\v{S}}t{\v{e}}p{\'a}nek, Jan and others},
  booktitle={Proceedings of the Thirteenth Conference on Computational Natural Language Learning: Shared Task},
  pages={1--18},
  year={2009},
  organization={Association for Computational Linguistics}
}

@article{everingham2010pascal,
  title={The pascal visual object classes (voc) challenge},
  author={Everingham, Mark and Van Gool, Luc and Williams, Christopher KI and Winn, John and Zisserman, Andrew},
  journal={International journal of computer vision},
  volume={88},
  number={2},
  pages={303--338},
  year={2010},
  publisher={Springer}
}

@inproceedings{vigna2014ten,
  title={Ten years of ictf: The good, the bad, and the ugly},
  author={Vigna, Giovanni and Borgolte, Kevin and Corbetta, Jacopo and Doupe, Adam and Fratantonio, Yanick and Invernizzi, Luca and Kirat, Dhilung and Shoshitaishvili, Yan},
  booktitle={2014 $\{$USENIX$\}$ Summit on Gaming, Games, and Gamification in Security Education (3GSE 14)},
  year={2014}
}

@article{su2018method,
  title={A Method for Construction of Software Protection Technology Application Sequence Based on Petri Net With Inhibitor Arcs},
  author={Su, Qing and He, Fan and Wu, Naiqi and Lin, Zhiyi},
  journal={IEEE Access},
  volume={6},
  pages={11988--12000},
  year={2018},
  publisher={IEEE}
}

@inproceedings{salwan2018symbolic,
  title={Symbolic Deobfuscation: From Virtualized Code Back to the Original},
  author={Salwan, Jonathan and Bardin, S{\'e}bastien and Potet, Marie-Laure},
  booktitle={International Conference on Detection of Intrusions and Malware, and Vulnerability Assessment},
  pages={372--392},
  year={2018},
  organization={Springer}
}

@InProceedings{   linn_CCS_2003,
  author        = {Linn, Cullen and Debray, Saumya},
  title         = {Obfuscation of Executable Code to Improve Resistance to
                  Static Disassembly},
  booktitle     = {Proceedings of the 10th ACM Conference on Computer and
                  Communications Security},
  series        = {CCS '03},
  year          = {2003},
  isbn          = {1-58113-738-9},
  location      = {Washington D.C., USA},
  pages         = {290--299},
  doi           = {10.1145/948109.948149},
  publisher     = {ACM},
  keywords      = {code obfuscation, disassembly}
}
@INPROCEEDINGS{stephens2018probabilistic, 
author={J. {Stephens} and B. {Yadegari} and C. {Collberg} and S. {Debray} and C. {Scheidegger}}, 
booktitle={2018 IEEE European Symposium on Security and Privacy (EuroS P)}, 
title={Probabilistic Obfuscation Through Covert Channels}, 
year={2018}, 
volume={}, 
number={}, 
pages={243-257}, 
keywords={probability;security of data;software engineering;probabilistic obfuscation;program obfuscation framework;execution environment;runtime system;program analysis tools;symbolic execution engines;covert channels;information flow obfuscation;Semantics;Probabilistic logic;Runtime;Cryptography;Privacy;Operating systems;Obfuscation;Covert Channels;Malware;Symbolic Analysis;Privacy;System Security}, 
doi={10.1109/EuroSP.2018.00025}, 
ISSN={}, 
month={April},}

@InProceedings{	  yadegari15generic,
  author	= {B. Yadegari and B. Johannesmeyer and B. Whitely and S.
		  Debray},
  booktitle	= {2015 IEEE Symposium on Security and Privacy (SP)},
  title		= {A Generic Approach to Automatic Deobfuscation of
		  Executable Code},
  year		= {2015},
  volume	= {00},
  number	= {},
  pages		= {674-691},
  keywords	= {IP networks;Libraries;Programming;Algorithm design and
		  analysis;Semantics;Reverse engineering;Security},
  doi		= {10.1109/SP.2015.47},
  url		= {doi.ieeecomputersociety.org/10.1109/SP.2015.47},
  issn		= {1081-6011},
  month		= {May}
}

@inproceedings{kalysch2017vmattack,
  title={Vmattack: Deobfuscating virtualization-based packed binaries},
  author={Kalysch, Anatoli and G{\"o}tzfried, Johannes and M{\"u}ller, Tilo},
  booktitle={Proceedings of the 12th International Conference on Availability, Reliability and Security},
  pages={2},
  year={2017},
  organization={ACM}
}

@inproceedings{yadegari2015symbolic,
  title={Symbolic execution of obfuscated code},
  author={Yadegari, Babak and Debray, Saumya},
  booktitle={Proceedings of the 22nd ACM SIGSAC Conference on Computer and Communications Security},
  pages={732--744},
  year={2015},
  organization={ACM}
}

@inproceedings{kinder2012towards,
  title={Towards static analysis of virtualization-obfuscated binaries},
  author={Kinder, Johannes},
  booktitle={2012 19th Working Conference on Reverse Engineering},
  pages={61--70},
  year={2012},
  organization={IEEE}
}

@inproceedings{dalla2006opaque,
  title={Opaque predicates detection by abstract interpretation},
  author={Dalla Preda, Mila and Madou, Matias and De Bosschere, Koen and Giacobazzi, Roberto},
  booktitle={International Conference on Algebraic Methodology and Software Technology},
  pages={81--95},
  year={2006},
  organization={Springer}
}

@inproceedings{kruegel2004static,
  title={Static disassembly of obfuscated binaries},
  author={Kruegel, Christopher and Robertson, William and Valeur, Fredrik and Vigna, Giovanni},
  booktitle={USENIX security Symposium},
  volume={13},
  pages={18--18},
  year={2004}
}

@inproceedings{madou2005hybrid,
  title={Hybrid static-dynamic attacks against software protection mechanisms},
  author={Madou, Matias and Anckaert, Bertrand and De Sutter, Bjorn and De Bosschere, Koen},
  booktitle={Proceedings of the 5th ACM workshop on Digital rights management},
  pages={75--82},
  year={2005},
  organization={ACM}
}

@inproceedings{salem2016metadata,
  title={Metadata recovery from obfuscated programs using machine learning},
  author={Salem, Aleieldin and Banescu, Sebastian},
  booktitle={Proceedings of the 6th Workshop on Software Security, Protection, and Reverse Engineering},
  pages={1},
  year={2016},
  organization={ACM}
}

@inproceedings{liang2017deobfuscation,
  title={Deobfuscation of Virtualization-obfuscated Code through Symbolic Execution and Compilation Optimization},
  author={Liang, Mingyue and Li, Zhoujun and Zeng, Qiang and Fang, Zhejun},
  booktitle={International Conference on Information and Communications Security},
  pages={313--324},
  year={2017},
  organization={Springer}
}

@InProceedings{   rolles09unpacking,
  author        = {Rolf Rolles},
  title         = {Unpacking Virtualization Obfuscators},
  booktitle     = {Proceedings of the 3rd USENIX Conference on Offensive
                  Technologies},
  series        = {WOOT'09},
  year          = {2009},
  location      = {Montreal, Canada},
  pages         = {1--1},
  publisher     = {USENIX Association}
}

@InProceedings{   yadegari15symbolic,
  author        = {Yadegari, Babak and Debray, Saumya},
  title         = {Symbolic Execution of Obfuscated Code},
  booktitle     = {Proceedings of the 22Nd ACM SIGSAC Conference on Computer
                  and Communications Security},
  series        = {CCS '15},
  year          = {2015},
  isbn          = {978-1-4503-3832-5},
  location      = {Denver, Colorado, USA},
  pages         = {732--744},
  doi           = {10.1145/2810103.2813663},
  publisher     = {ACM},
  keywords      = {obfuscation, reverse engineering, symbolic execution,
                  taint analysis}
}

@InProceedings{   Wang2013,
  author        = {Huaijun Wang and Dingyi Fang and Ni Wang and Zhanyong Tang
                  and Feng Chen and Yuanxiang Gu},
  booktitle     = {IEEE 10th Int'l Conf.\ on High Performance Computing and
                  Communications},
  title         = {Method to Evaluate Software Protection Based on Attack
                  Modeling},
  year          = {2013},
  month         = nov,
  pages         = {837--844},
  keywords      = {Petri nets;security of data;Petri net;attack cost;attack
                  model SAMMPN;attack modeling;evaluation method;relevant
                  attacking information;software attack model;software attack
                  process;software protection research;software protection
                  technologies;Firing;Manuals;Measurement;Security;Software;Software
                  algorithms;Software protection;Attack Model;Effectiveness
                  Evaluation;Petri Net;Software Protection}
}

@Article{         basile2019meta,
  author        = {Basile, Cataldo and Cavanese, Daniele and Regano, Leonardo
                  and Falcarin, Paolo and De Sutter, Bjorn},
  title         = {A Meta-model for Software Protections and Reverse
                  Engineering Attacks},
  journal       = {Journal of Systems and Software},
  year          = {2019},
}

@inproceedings{kleinjung2010factorization,
  title={Factorization of a 768-bit RSA modulus},
  author={Kleinjung, Thorsten and Aoki, Kazumaro and Franke, Jens and Lenstra, Arjen K and Thom{\'e}, Emmanuel and Bos, Joppe W and Gaudry, Pierrick and Kruppa, Alexander and Montgomery, Peter L and Osvik, Dag Arne and others},
  booktitle={Annual Cryptology Conference},
  pages={333--350},
  year={2010},
  organization={Springer}
}

@article{weisstein2003rsa,
  title={RSA Number},
  author={Weisstein, Eric W},
  year={2003},
  publisher={Wolfram Research, Inc.}
}

@misc{alaska, title={Alaska}, url={https://alaska.utt.fr/#top}, journal={Alaska}}

@inproceedings{westfeld1999attacks,
  title={Attacks on steganographic systems},
  author={Westfeld, Andreas and Pfitzmann, Andreas},
  booktitle={International workshop on information hiding},
  pages={61--76},
  year={1999},
  organization={Springer}
}

@inproceedings{buchholz2006conll,
  title={CoNLL-X shared task on multilingual dependency parsing},
  author={Buchholz, Sabine and Marsi, Erwin},
  booktitle={Proceedings of the tenth conference on computational natural language learning},
  pages={149--164},
  year={2006},
  organization={Association for Computational Linguistics}
}

@article{sang2000introduction,
  title={Introduction to the CoNLL-2000 shared task: Chunking},
  author={Sang, Erik F and Buchholz, Sabine},
  journal={arXiv preprint cs/0009008},
  year={2000}
}

@misc{ches2017challenge, title={CHES 2017 Capture the Flag Challenge}, url={https://whibox-contest.github.io/}, journal={CHES 2017 Challenge}}

@inproceedings{cadar2008klee,
  title={KLEE: Unassisted and Automatic Generation of High-Coverage Tests for Complex Systems Programs.},
  author={Cadar, Cristian and Dunbar, Daniel and Engler, Dawson R and others},
  booktitle={OSDI},
  volume={8},
  pages={209--224},
  year={2008}
}

@article{best2003analyzing,
  title={Analyzing code coverage with gcov},
  author={Best, Steve},
  journal={Linux Magazine},
  pages={43--50},
  year={2003}
}

@book{neustifter2010efficient,
  title={Efficient profiling in the LLVM compiler infrastructure},
  author={Neustifter, Andreas},
  year={2010},
  publisher={na}
}
@inproceedings{DBLP:conf/ndss/StephensGSDWCSK16,
  author    = {Nick Stephens and
               John Grosen and
               Christopher Salls and
               Andrew Dutcher and
               Ruoyu Wang and
               Jacopo Corbetta and
               Yan Shoshitaishvili and
               Christopher Kruegel and
               Giovanni Vigna},
  title     = {Driller: Augmenting Fuzzing Through Selective Symbolic Execution},
  booktitle = {{NDSS}},
  publisher = {The Internet Society},
  year      = {2016}
}

@Misc{            horning05softwarea,
  author        = {James J. Horning and W. Olin Sibert and Robert E. Tarjan
                  and Umesh Maheshwari and William G. Horne and Andrew K.
                  Wright and Lesley R. Matheson and Susan Owicki},
  title         = {Software self-defense systems and methods},
  note          = {Assigned to InterTrust Technologies Corporation},
  day           = 15,
  month         = sep,
  year          = 2005,
  url           = {www.freepatentsonline.com/20050204348.html}
}


@InProceedings{   chow02white-box,
  author        = {S. Chow and P. Eisen and H. Johnson and P. van Oorschot},
  title         = {White-Box Cryptography and an AES Implementation},
  booktitle     = {9th Annual Workshop on Selected Areas in Cryptography (sac
                  2002.},
  year          = {2002},
  url           = {citeseer.ist.psu.edu/article/chow02whitebox.html}
}
@Article{         cohen93operating,
  author        = {Frederick B. Cohen},
  title         = {Operating system protection through program evolution},
  journal       = {Computer Security},
  volume        = {12},
  number        = {6},
  year          = {1993},
  issn          = {0167-4048},
  pages         = {565--584},
  doi           = {http://dx.doi.org/10.1016/0167-4048(93)90054-9},
  publisher     = {Elsevier Advanced Technology Publications}
}

@Article{Skulason92mutation,
   author="Fridrik Skulason",
   title="The Mutation Engine--The Final Nail?",
   journal = "Virus Bulletin",
   month=apr,
   year=1992
   }
   
   @Book{            collberg_surreptitious_2010,
  title         = {Surreptitious Software: Obfuscation, Watermarking, and
                  Tamperproofing for Software Protection},
  isbn          = {9780321549259},
  shorttitle    = {Surreptitious Software},
  language      = {en},
  publisher     = {Pearson Education},
  author        = {Collberg, Christian and Nagra, Jasvir},
  year          = {2010},
  keywords      = {obf:malware, Computers / Database Management / General,
                  Computers / General, Computers / Information Theory,
                  Computers / Security / General, Computers / Social Aspects
                  / General, Computers / Software Development \& Engineering
                  / General, Computers / Software Development \& Engineering
                  / Quality Assurance \& Testing}
}
@PhDThesis{       wang00security,
  author        = {Chenxi Wang},
  title         = {A Security Architecture for Survivability Mechanisms},
  school        = {University of Virginia},
  year          = {2000},
  month         = oct,
  note          = {\url{http://citeseer.ist.psu.edu/wang00security.html}}
}
@Misc{            chow05tamper,
  author        = {Stanley T. Chow and Harold J. Johnson and Yuan Gu},
  title         = {Tamper resistant software encoding},
  note          = {Assigned to Cloakware Corporation (Ottawa, CA)},
  day           = 11,
  month         = jan,
  year          = 2005,
  url           = {www.freepatentsonline.com/6842862.html}
}

@inproceedings{Zhou:2007:IHS:1784964.1784971,
 author = {Zhou, Yongxin and Main, Alec and Gu, Yuan X. and Johnson, Harold},
 title = {Information Hiding in Software with Mixed Boolean-arithmetic Transforms},
 booktitle = {Proceedings of the 8th International Conference on Information Security Applications},
 series = {WISA'07},
 year = {2007},
 isbn = {3-540-77534-X, 978-3-540-77534-8},
 location = {Jeju Island, Korea},
 pages = {61--75},
 numpages = {15},
 acmid = {1784971},
 publisher = {Springer-Verlag},
 address = {Berlin, Heidelberg},
} 
@InProceedings{   FPS12b,
  author        = {Foket, Christophe and De Sutter, Bjorn and Coppens, Bart
                  and De Bosschere, Koen},
  title         = {A Novel Obfuscation: Class Hierarchy Flattening},
  booktitle     = {5th International Symposium on Foundations \& Practice of
                  Security (FPS 2012)},
  year          = {2012},
  month         = {10},
  pages         = {194--210},
  series        = {LNCS},
  number        = {7743}
}

@inproceedings{krinke2001identifying,
  title={Identifying similar code with program dependence graphs},
  author={Krinke, Jens},
  booktitle={Proceedings Eighth Working Conference on Reverse Engineering},
  pages={301--309},
  year={2001},
  organization={IEEE}
}

@InProceedings{   heffner04obfuscation,
  author        = {Kelly Heffner and Christian S. Collberg},
  title         = {The Obfuscation Executive},
  booktitle     = {Information Security, 7th International Conference},
  year          = {2004},
  pages         = {428-440},
  publisher     = {Springer Verlag},
  note          = {Lecture Notes in Computer Science, \#3225}
}